<?xml version="1.0" encoding="UTF-8"?><collection xmlns="http://www.loc.gov/MARC21/slim"><record><leader>00361nam--2200121-i-4500</leader><controlfield tag="001">000025814</controlfield><controlfield tag="002">20161230</controlfield><controlfield tag="005">20161230201036</controlfield><controlfield tag="008">060222s1000------------r-----000-0-eng-d</controlfield><datafield ind1=" " ind2=" " tag="245"><subfield code="a">International encyclopedia of unified sciences. vol. 1 part ii nos 6-10</subfield></datafield><datafield ind1=" " ind2=" " tag="260"><subfield code="a">Chicago, University Of Chicago Press, 1955</subfield></datafield><datafield ind1=" " ind2=" " tag="700"><subfield code="a">Neurath, Carnap And Morris</subfield></datafield><datafield ind1=" " ind2=" " tag="852"><subfield code="a">12022</subfield></datafield></record></collection>